2438 3938
143 161 209 226 180
384 164 386 169 '
478 159 525 215 IV.
545 157 686 214 cleonidis
704 155 821 229 isagoge

210 321 312 399 Γάνος
340 320 380 387 δέ
405 321 474 387 ἐστι
502 323 581 387 ποιά
609 319 773 406 τεττάρων
796 322 960 405 φθόγγων
984 319 1155 404 διαίρεσις.

211 430 372 514 Σόστημα
395 427 434 493 δέ
455 427 524 493 ἐστι
547 429 584 493 τὸ
608 427 643 492 ἐκ
662 429 827 492 πλειόνων
845 425 865 510 ή
885 425 958 503 ἑνὸς
977 424 1156 509 διαστημά-

142 562 209 602 των
234 538 458 620 συγκείμενον.
482 532 562 621 (p.2
586 532 643 621 M.)

215 647 317 718 Τόνος
336 639 376 706 δέ
393 641 461 706 ἐστι
480 643 580 718 τόπος
598 664 648 718 τις
666 650 724 725 τῆς
741 648 856 726 φωνῆς
874 640 1022 716 δεκτικὸς
1037 642 1156 723 συστή-

142 774 243 834 ματος
266 748 418 831 ἀπλατής.
1184 770 1197 810 ι

210 855 388 938 Μεταβολή
417 853 457 919 δέ
482 854 572 919 ἐστιν
596 853 714 939 ὁμοίου
737 854 828 930 τινὸς
850 855 897 929 είς
920 851 1081 937 ἀνόμοιον
1103 855 1157 918 τό-

27 1030 30 1034 ,
144 983 208 1026 πον
231 959 449 1044 μετάθεσις..
520 1027 523 1034 ,

210 1070 399 1132 Μελοποιία
438 1064 477 1131 δέ
507 1066 576 1131 ἐστι
608 1074 723 1151 χρῆσις
754 1075 821 1130 τῶν
852 1063 1080 1149 ὑποκειμένων
1117 1074 1157 1150 τῆ

146 1173 308 1258 άρμονικῆ
341 1176 549 1263 πραγματείᾳ
577 1173 658 1258 πρὸς
690 1173 726 1262 τὸ
757 1173 881 1263 οἰκεῖον
911 1169 1047 1255 ἑκάστης
1075 1171 1158 1237 ὑπο-

144 1279 278 1356 θέσεως.
1173 1303 1199 1344 ιο

212 1425 255 1501 2.4
279 1426 387 1486 Ταῦτα
420 1418 457 1486 δὲ
486 1427 662 1498 θεωρεῖται
695 1419 731 1485 ἐν
763 1428 896 1505 φωνῆς
922 1415 1088 1502 ποιότητι,
1120 1415 1160 1503 ής

144 1531 323 1611 κινήσεις
347 1526 410 1594 είσλ
434 1520 512 1612 δύο,
537 1526 557 1610 ῆ
581 1524 641 1612 μὲν
665 1527 805 1612 συνεχής
827 1550 862 1591 τε
884 1524 938 1590 ταὶ
961 1527 1078 1610 λογική
1101 1551 1158 1591 κα-

145 1633 300 1719 λουμένη,
322 1634 342 1718 ή
367 1631 403 1699 δὲ
427 1635 663 1719 διαστηματική
686 1657 720 1698 τε
742 1631 884 1720 καλμελφ
909 1633 993 1716 δική.
1051 1628 1158 1717 ἡμὲν

63 1767 66 1773 ·
146 1739 208 1808 οὖν
236 1743 375 1826 συνεχής
402 1744 530 1824 κίνησις
556 1750 614 1823 τῆς
639 1746 754 1825 φωνῆς
776 1739 834 1815 τάς
856 1762 891 1803 τε
915 1736 1078 1816 ἐπιτάσεις
1100 1738 1157 1805 καὶ

146 1851 203 1925 τάς
222 1849 350 1924 ἀνέσεις
369 1847 505 1930 ἀφανῶς
524 1859 665 1912 ποιεῖται
684 1847 837 1931 μηδαμοῦ
858 1843 1012 1931 ἱσταμένη
1027 1844 1048 1928 ή
1062 1845 1158 1934 μέχρι
1174 1871 1200 1912 15

148 1965 279 2039 σιωπῆς.
325 1954 346 2036 ῆ
375 1949 412 2018 δὲ
435 1953 670 2037 διαστηματική
694 1955 823 2037 κίνησις
844 1961 902 2036 τῆς
925 1961 1039 2038 φωνῆς
1063 1951 1160 2018 ε’ναν-

147 2065 224 2136 τίως
247 2073 385 2126 κινεῖται
409 2069 449 2145 τῆ
474 2071 616 2144 συνεχεῖ·
639 2060 743 2144 μονάς
765 2083 800 2123 τε
823 2061 886 2144 μὰρ
910 2070 1000 2124 ποιεί
1022 2057 1077 2124 καὶ
1100 2061 1160 2136 τάς

147 2166 265 2252 μεταξὺ
299 2168 427 2232 τούτων
457 2167 659 2249 διαστάσεις,
691 2164 828 2243 ε’ναλλάξ
861 2167 971 2231 αὐτῶν
1004 2164 1161 2253 ἑκάτερον

148 2281 287 2339 τιθεῖσα,
333 2275 391 2350 τάς
414 2270 473 2359 μὲν
497 2269 559 2339 οὖν
582 2274 685 2357 μονάς
708 2271 817 2348 τάσεις
840 2278 1015 2358 καλοῦμεν,
1041 2273 1099 2348 τάς
1124 2271 1161 2338 δὲ

148 2380 340 2465 μεταβάσεις
362 2381 419 2456 τάς
442 2379 505 2445 ἀπὸ
529 2378 656 2444 τάσεων
676 2376 728 2443 ἐπὶ
747 2380 857 2455 τάσεις
876 2380 1087 2463 διαστήματα.
1121 2380 1161 2445 τά
1176 2404 1204 2445 ιο

180 2582 205 2586 ....
218 2579 362 2586 -——-—--

221 2704 236 2751 6
260 2695 347 2751 τόπον
375 2697 420 2767 (cf.
445 2696 597 2750 Bacchium
620 2700 688 2762 §58
716 2697 745 2748 ολ
768 2696 945 2764 Anonymum
967 2695 993 2748 H
1017 2701 1032 2761 ξ
1052 2699 1096 2764 65)
1125 2713 1162 2750 an

151 2768 256 2822 τάπονλ
290 2768 323 2822 ef.
347 2767 393 2823 Ar.
420 2767 470 2832 Qu.
490 2767 502 2820 I
522 2773 567 2836 11,
588 2771 624 2836 (p.
644 2772 705 2821 24s.
725 2766 765 2835 M)
789 2768 932 2828 ἀλλοίωσις
955 2809 961 2820 .
982 2809 988 2820 .
1010 2810 1016 2822 .
1039 2775 1089 2820 τοῦ
1113 2775 1163 2836 τῆς

151 2848 246 2908 φωνῆς
273 2847 459 2909 χαρακτῆρος
490 2837 516 2892 εί
542 2838 594 2908 γάρ
624 2832 728 2892 ἑκάστω
758 2837 909 2907 συστήματι
936 2838 985 2891 καὶ
1012 2837 1093 2900 ποιός
1121 2859 1163 2901 τις

152 2910 345 2966 ἐπακολουθεῖ
354 2918 403 2979 τῆς
416 2917 512 2979 φωνῆς
525 2909 610 2970 τόπος
624 2913 679 2964 κτλ.
707 2893 769 2977 λειω,
784 2908 931 2975 Bacchium
949 2907 1065 2979 Argent.
1084 2914 1161 2978 1891,

152 3003 178 3053 p.
194 2988 235 3037 22.
298 2987 331 3034 19
350 2986 473 3036 τιθεῖται
487 2981 531 3049 W,
550 2977 676 3034 τέθειται
690 2979 719 3035 L.
785 2980 834 3042 τὰς
853 2979 884 3034 δὲ
903 2979 1062 3043 διαστάσεις
1080 3000 1162 3049 μετα-

153 3052 317 3177 βάσξφῖςᾙτάς
341 3053 397 3106 ἀπὸ
421 3052 526 3106 τάσεων
551 3047 597 3105 ἐπὶ
620 3050 713 3113 τάσεις
731 3051 803 3106 WL.
876 3057 910 3105 20
934 3051 1110 3122 διαστήματα
1130 3052 1160 3106 δὲ

152 3146 186 3178 τα
271 3167 275 3177 .

224 3390 289 3460 Cap.
316 3397 337 3443 1.
380 3389 522 3450 τόπος-
545 3388 669 3456 ἀπλατής
697 3387 730 3443 cf.
760 3388 860 3458 Porph.
890 3389 925 3442 ad
954 3388 1026 3442 Ptol.
1055 3407 1082 3458 p.
1102 3393 1163 3443 258.

155 3459 220 3529 Cap.
236 3468 259 3515 2.
284 3461 318 3515 cf.
338 3463 430 3515 Arsix.
450 3480 477 3529 p.
493 3466 508 3512 8
527 3461 584 3514 Mb.
617 3459 725 3514 Nicom.
745 3459 833 3514 harm.
854 3476 913 3529 cap.
930 3466 953 3515 2.
991 3459 1163 3529 Porphyrius

154 3530 190 3582 ad
208 3532 279 3586 ΡλοΙ.
299 3551 325 3601 p.
343 3538 402 3588 194.
429 3531 544 3586 Manuel
562 3532 680 3600 Bryenn.
700 3531 787 3585 harm.
807 3531 859 3586 13.
