2438 3938
331 152 459 223 Isagoge.
491 168 515 206 c.
535 157 576 205 τε,
604 171 631 221 p.
651 157 756 206 27-29
775 153 811 207 M.
1019 154 1084 219 355

73 317 168 401 τρίτη
192 313 429 400 διεζευγμένων
453 317 528 397 ζῆτα
550 312 606 378 καὶ
629 325 670 380 πῖ
689 316 831 398 πλάγιον

75 419 314 505 διεζευγμένων
338 420 491 497 διάτονος
514 422 606 505 ἀλφα
628 419 683 486 καὶ
706 425 822 504 βαρεῖα

73 530 157 610 νήτη
172 526 409 612 διεζευγμένων
423 539 459 611 χῖ
470 528 654 611 διεφθορὸς
664 526 719 592 καὶ
728 527 877 613 ὑμίαλφα
886 529 973 594 αάτω
984 539 1085 596 νεῦον

74 639 167 717 τρίτη
203 635 435 717 ὑπερβολαίων
467 645 510 718 φῖ
538 635 680 717 πλάγιον
711 633 766 700 καὶ
798 630 859 718 ἦτα
891 634 1085 720 ἀμελητιαὸν

50 767 62 806 5
120 738 404 824 ααδειλαυσμένον

45 870 48 879 ·
75 850 306 934 ὑπερβολαίων
329 845 484 922 διάτονος
506 869 545 912 ου
567 844 622 912 καὶ
646 871 678 932 κ,
701 845 753 912 ε’πδ
777 848 837 931 τὴν
861 847 1000 932 ὀξύτητα

75 956 157 1037 νήτη
175 954 405 1037 ὑπερβολαίων
424 951 535 1018 αάππα
550 950 606 1017 καὶ
620 952 776 1038 ὑμίδελτα
790 953 1086 1039 ααῦειλαυσμένον,

120 1059 173 1125 ἐπὶ
196 1061 257 1143 τὴν
280 1058 427 1142 ὀξύτητα.

169 1232 346 1288 Ἵῦιοαιολιόυ
364 1231 469 1303 τρόπον
488 1239 588 1303 σημεῖα
606 1233 728 1288 κατὰτὸ
747 1233 878 1288 διάτονον
897 1232 986 1304 γένος.

40 1365 64 1403 1⁰
77 1347 419 1430 Προσλαμβανόμενος
433 1356 473 1408 πῖ
484 1342 751 1429 ἀνεστραμμένον
764 1342 818 1408 καὶ
829 1344 972 1409 διπλοῦν
982 1347 1084 1429 σίγμα

120 1449 390 1536 ἀπεστραμμένον

77 1555 121 1641 (p.
141 1555 198 1644 29)
221 1557 327 1641 ὑπάτη
350 1556 487 1622 ὑπάτων
510 1557 628 1622 ἀντίνυ
650 1553 706 1621 καὶ
730 1567 771 1621 πῖ
791 1557 934 1622 διπλοῦν

77 1663 249 1748 παρνπάτη
277 1664 412 1728 ὑπάτων
440 1671 484 1746 μῦ
509 1660 774 1746 ἀνεστραμμένον
794 1659 849 1726 καὶ
871 1656 933 1744 ἦτα
956 1659 1084 1738 ἐλλιπές

75 1769 210 1835 ὑπάτων
242 1769 395 1844 διάτονος
427 1764 487 1851 ἦτα
518 1765 647 1844 ἐλλιπὲς
673 1766 942 1854 ἀπεστραμμένον
966 1765 1022 1832 καὶ
1051 1791 1080 1833 ει

41 1896 63 1933 ω
120 1876 328 1959 τετράγωνον
351 1873 621 1961 ἀπεστραμμένον

75 1981 182 2064 ὑπάτη
214 1981 323 2065 μέσων
351 1981 448 2046 δέλτα
475 1980 741 2067 ἀνεστραμμένον
767 1980 822 2047 καὶ
849 1991 910 2046 ταῦ
939 1981 1080 2065 πλάγιον

119 2085 398 2173 ἀπεστραμμένον.

148 2271 160 2316 1
183 2263 337 2332 διεφθορός
355 2263 404 2318 ult.
426 2263 476 2332 syl.
491 2262 528 2317 V²
547 2263 578 2316 in
595 2280 649 2318 ἀπε.
711 2269 778 2317 7-8
797 2281 850 2319 om.
869 2264 903 2319 N.
964 2269 997 2317 17
1017 2263 1083 2317 ἀνε-

73 2334 249 2405 στραμμένον
267 2335 302 2390 Ν.
