2438 3938
478 188 655 245 Mesomedis.
1007 191 1073 255 459

56 354 245 420 ductionem
280 350 390 435 potius
422 351 565 434 syllabae
597 376 663 436 μου
694 353 754 416 hac
784 357 864 417 nota
895 353 1072 438 significari

56 460 159 549 (sicut
190 456 384 543 productum
415 458 457 522 αὐ
484 457 541 521 illa
568 461 646 522 nota
669 493 703 508 ω
726 459 761 522 in
783 481 811 522 v.
832 455 867 544 3)
895 459 1071 524 rectissime

57 567 141 633 vidit
162 565 369 630 Bellermann
390 587 420 649 p.
440 565 491 631 64.

125 672 240 738 Altera
276 676 325 736 est
362 671 535 757 dubitatio,
572 672 628 755 qui
660 693 759 736 sonus
792 673 930 756 scriptus
963 673 1006 737 sit
1038 673 1073 736 in

59 780 186 866 syllaba
207 780 313 863 prima
336 778 426 842 verbi
444 780 550 860 Δήλιε
568 801 596 842 v.
613 780 641 844 8.
679 800 716 843 ao
736 779 865 865 signum
881 776 935 867 ΙΜ
953 780 1072 844 codicis

57 887 90 954 N
127 887 265 951 forsitan
312 886 384 970 quis
427 886 625 950 revocaverit
666 886 706 950 ad
746 887 816 951 toni
852 865 1072 973 hypophrygii

57 998 238 1078 parypaten
269 993 427 1077 hypaton,
460 992 515 1056 sed
545 993 643 1058 nimis
671 1016 688 1058 e
717 994 822 1059 medio
851 999 994 1058 remotus
1023 998 1072 1059 est

58 1101 167 1187 gravis
198 1100 253 1164 ille
286 1121 384 1164 sonus
416 1104 449 1163 et
481 1099 521 1163 ab
554 1100 616 1165 hoo
648 1105 743 1164 cantu
774 1123 907 1184 prorsus
940 1101 1071 1165 alienus.

59 1209 159 1273 codex
185 1212 294 1271 autem
317 1205 348 1269 V
375 1206 473 1270 habet
494 1211 606 1270 notam
628 1203 666 1290 Γ,
697 1229 778 1291 quae
805 1208 839 1270 in
866 1208 1071 1272 tetrachordo

59 1335 291 1398 synemmenon
308 1312 377 1376 toni
395 1312 475 1395 lydii
493 1317 607 1398 exstat,
630 1318 662 1377 et
681 1335 753 1376 cum
771 1314 807 1377 in
824 1311 1072 1379 Atheniensium

10 1420 12 1499 j
59 1442 187 1505 quoque
220 1419 341 1503 hymno
369 1416 420 1506 (2)
454 1441 552 1483 sonus
583 1421 606 1484 d
634 1419 697 1503 (rc)
728 1441 814 1483 nunc
844 1419 870 1485 Κ
903 1420 1071 1505 scribatur,

58 1549 144 1592 nunc
168 1526 192 1612 l,
220 1526 353 1590 dubium
380 1527 444 1589 iam
470 1547 538 1590 non
564 1528 625 1611 est,
654 1526 732 1610 quin
759 1531 844 1590 recte
866 1525 1072 1592 Bellermann
1136 1605 1139 1611 Ι

59 1657 89 1718 p.
113 1636 155 1700 79
185 1635 315 1720 signum
344 1633 425 1698 illud
451 1633 648 1697 revocaverit
678 1632 718 1696 ad
744 1638 918 1716 paraneten
946 1656 1071 1718 synem-

60 1762 183 1806 menon.
