2438 3938
149 141 239 196 XXIV
438 140 478 194 De
498 139 640 194 codicibus
658 137 865 208 manuscriptis.

98 326 138 367 11⁵.
154 329 219 368 cum
243 327 321 384 aqua
343 309 441 366 infusa
465 310 518 366 aut
541 308 620 366 senio
644 308 762 365 litterae
785 306 968 382 palluissent.
1005 305 1056 364 ubi
1080 306 1129 364 eni

99 399 136 466 (2)
150 399 267 456 macula
291 398 392 472 aliqua
414 397 547 472 inspersa
567 397 649 455 color
666 395 853 455 membranae
872 396 971 454 fuscus
989 395 1086 454 factus
1105 413 1129 453 es

151 488 192 545 ibi
211 487 388 564 nigerrimae
407 485 550 544 eiusmodi
569 486 687 543 litterae
706 485 818 561 legenti
832 486 995 543 occurrunt.
1020 486 1130 543 aveter

151 577 205 634 bus
229 578 328 634 autem
351 575 454 633 formis
477 592 543 632 cum
565 574 619 631 illa
642 593 701 633 non
725 574 840 632 differre
861 573 1052 631 manifestum
1074 591 1130 632 esse

151 665 312 723 lectionum
335 666 513 739 apparatum
536 663 670 720 minutiis
692 663 759 721 istis
781 681 841 721 non
863 662 1012 737 impedivi.

217 754 369 811 Postremo
388 751 539 826 Anonymi
561 754 720 827 praecepta
742 751 773 809 in
792 751 924 828 margine
943 750 1131 826 inscriptam

152 862 170 900 a
194 861 343 916 quoquam
367 842 498 899 correcta
522 843 597 898 sunt.

111 947 139 989 v.
220 929 248 985 V
275 933 306 987 11
332 929 370 986 W
397 932 442 988 est
464 928 627 987 Vaticanus
653 931 724 987 191.
760 928 892 1004 bombyc.
916 928 967 986 fol.
1019 928 1047 986 S.
1073 918 1131 1008 (XI

100 1020 136 1087 (3)
153 1012 219 1100 aut)
234 1018 312 1076 XIV.
331 1020 400 1093 post
413 1018 690 1076 mathematicorum
707 1017 890 1092 aliorumque
905 1017 1015 1091 scripta
1029 1016 1132 1075 contin

265 1106 413 1165 Gaudenti
435 1107 578 1183 isagogen
601 1106 620 1163 f.
641 1107 717 1180 287,

264 1196 417 1254 Euclidem
441 1188 476 1275 (S.
502 1187 686 1275 Cleonidem)
710 1194 729 1252 f.
751 1195 828 1270 292,

264 1285 395 1343 Euclidis
419 1303 560 1343 canonem
583 1285 603 1342 f.
623 1285 701 1359 295,

262 1374 432 1432 Aristoxeni
453 1374 546 1431 harm.
570 1373 590 1430 f.
611 1375 688 1448 297,

264 1463 356 1538 Alypi
379 1462 497 1521 tabulas
520 1463 539 1520 f.
561 1465 637 1537 309,

265 1551 435 1610 Aristoxeni
457 1551 585 1626 rhythm.
609 1551 629 1608 f.
650 1552 727 1625 314,

263 1640 428 1699 Ptolemaei
450 1640 542 1697 harm.
567 1639 586 1696 f.
608 1641 684 1714 320,

264 1729 429 1805 Diophanti
452 1727 640 1786 arithmetica
663 1728 682 1784 f.
704 1728 781 1802 361,

341 1818 357 1845 ”
456 1817 491 1874 de
514 1815 672 1893 polygonis
694 1835 772 1873 num.
797 1815 846 1872 lib.
870 1815 890 1872 f.
911 1817 987 1890 393,

265 1906 397 1965 Euclidis
421 1896 550 1984 (Cleon.)
574 1905 717 1981 isagogen
740 1904 759 1961 f.
781 1906 857 1978 397,

323 1994 338 2020 ''
420 1993 579 2051 sectionem
602 1993 736 2067 canoniS,

264 2082 385 2140 nomina
409 2101 510 2140 eorum
533 2082 584 2156 qui
607 2082 687 2158 leges
710 2081 767 2138 XII
790 2080 869 2138 tabb.
893 2081 1039 2155 tulerunt,

266 2171 300 2228 de
325 2170 437 2248 origine
462 2169 743 2245 Constantinopolis.

221 2261 265 2318 De
281 2257 447 2317 Gaudentio
462 2279 488 2318 v.
503 2277 571 2335 pag.
587 2277 645 2334 seq.
673 2257 883 2316 Aristoxenum
901 2260 1001 2315 autem
1014 2257 1103 2315 huius
1118 2276 1139 2317 cv

156 2349 229 2406 dicis
252 2348 369 2406 fluxisse
393 2368 408 2405 e
427 2347 578 2406 Marciano
597 2347 673 2406 1113
693 2347 754 2404 iam
773 2347 933 2421 Marquard
952 2347 1140 2405 demonstrav

154 2438 185 2494 in
204 2437 255 2494 Ar.
274 2457 302 2512 p.
317 2436 530 2510 XV—XXIII,
549 2455 602 2495 nec
621 2436 710 2494 aliter
727 2435 872 2495 iudicabit
890 2435 1056 2509 quicunque
1076 2455 1112 2492 ex
1129 2435 1140 2493 i

155 2524 372 2601 comparaverit
398 2525 540 2602 isagogen
572 2543 661 2600 quam
688 2525 872 2584 vindicamus
900 2523 1041 2582 Cleonidi.
1087 2524 1141 2582 ider

156 2615 235 2672 enim
259 2613 301 2672 ibi
325 2616 370 2671 est
391 2614 522 2689 partium
545 2615 616 2672 ordo
635 2634 662 2689 p.
689 2616 760 2688 179,
776 2626 800 2687 6,
819 2613 949 2671 concinit
971 2633 999 2671 τε
1018 2613 1036 2669 1.
1057 2624 1072 2671 3
1093 2615 1123 2670 11

158 2724 214 2762 om.
240 2699 317 2761 ἐστιν
340 2703 359 2759 l.
379 2714 404 2776 4,
427 2701 538 2760 habent
562 2703 651 2762 ποίαν
674 2702 756 2773 τάξιν
779 2699 904 2779 ἐχόντων
928 2701 1118 2780 συγκείμενον

156 2790 223 2874 περὶ
245 2790 334 2851 τόνον
358 2802 383 2865 8,
407 2791 536 2849 concinit
558 2788 681 2868 ἀφανῶς
706 2792 834 2864 180,15,
857 2794 973 2849 τιθεῖσα
997 2801 1038 2864 19,
1062 2788 1112 2861 τὰς
1135 2810 1142 2848 r

158 2880 400 2960 μεταβάσεις...
420 2878 599 2956 διαστήματα
618 2892 660 2954 20,
685 2874 788 2956 ὀξύτης
813 2874 844 2937 δὲ
869 2880 972 2953 181,4
996 2897 1051 2937 orn.
1076 2879 1143 2958 βαρ1

156 2993 209 3048 της
236 2966 268 3030 dl
295 2967 327 3029 τὸ
356 2961 402 3028 δι’
432 2965 571 3043 ἀνέσεως,
597 2968 709 3026 habent
736 2972 873 3027 τετᾶσθαι
899 2980 929 3044 6,
956 2972 1119 3026 καθαπτῶν
1142 3007 1144 3017 .

159 3080 214 3117 om.
239 3055 271 3119 11
294 3060 367 3133 182,
382 3069 407 3131 4,
431 3077 486 3116 om.
511 3058 629 3115 eosdem
652 3075 738 3115 sonos
764 3058 884 3131 184,11
908 3058 938 3113 11
963 3058 1034 3130 185,
1050 3067 1074 3130 8,
1098 3074 1144 3114 em

156 3151 273 3205 merant
292 3148 429 3206 diatonos
451 3148 522 3221 186,
533 3157 574 3205 22.
609 3164 662 3204 nec
681 3145 778 3203 minus
797 3146 968 3221 conspirant
985 3145 1017 3203 in
1036 3144 1145 3203 Euclid

158 3237 298 3309 sectione,
336 3236 439 3309 immo,
478 3254 550 3309 quos
585 3235 686 3310 posuit
717 3234 748 3290 M
779 3238 936 3309 protaseon
969 3252 1107 3292 numeros
1138 3252 1146 3291 1

158 3325 327 3396 asteriscos,
359 3324 381 3381 ii
413 3325 537 3382 redeunt
563 3324 594 3380 in
622 3322 657 3379 V.
709 3325 739 3379 et
766 3323 1015 3399 diagrammatum
1050 3323 1146 3397 quide]

157 3412 248 3489 elegit
260 3411 288 3467 V
307 3430 350 3487 ea,
370 3431 445 3488 quae
465 3412 559 3471 altera
577 3430 682 3470 manus
701 3412 838 3487 pinxerat
855 3412 886 3467 iu
900 3411 944 3483 M,
962 3410 1034 3468 haec
1054 3430 1147 3469 summ

157 3500 313 3578 diligentia
349 3500 562 3560 transscribens
598 3500 699 3559 omisit
733 3498 784 3557 ubi
821 3502 985 3576 agnoverat
1021 3499 1148 3576 diagran
